@article{larcombe1979mobile,
  title={Mobile robots for industrial use},
  author={Larcombe, MHE},
  journal={Industrial Robot: An International Journal},
  year={1979},
  publisher={MCB UP Ltd}
}

@article{2_human_robot_interaction,
author = {J.Borenstein and L.Feng},
month = {04},
pages = {569-574},
title = {Correction of systematic odometry errors in mobile robots},
volume = {3},
year = {1995},
journal = {in Proceedings 1995
IEEE/RSJ International Conference on Intelligent Robots and Systems. Human Robot Interaction and Cooperative Robots},
doi = {10.1117/1.OE.58.8.082417}
}

@misc{siegwart2011introduction,
  title={Introduction to Autonomous Mobile Robots (Intelligent Robotics and Autonomous Agents series)},
  author={Siegwart, Roland and Nourbakhsh, Illah Reza},
  year={2011},
  journal={The MIT Press},
}

@inproceedings{qu2021mapping,
  title={Mapping performance comparison of 2D SLAM algorithms based on different sensor combinations},
  author={Qu, Pengtao and Su, Chen and Wu, Hang and Xu, Xinxi and Gao, Sheng and Zhao, Xiuguo},
  booktitle={Journal of Physics: Conference Series},
  volume={2024},
  year={2021}
}

@article{birk2016simultaneous,
  author={Birk, Andreas and Pfingsthorn, Max},
  journal={Simultaneous localization and mapping (SLAM)},
  month={01},
  year={2016}
}

@incollection{moravec1989sensor,
  title={Sensor fusion in certainty grids for mobile robots},
  author={Moravec, Hans P.},
  booktitle={Sensor devices and systems for robotics},
  pages={253--276},
  year={1989},
  publisher={Springer}
}

@article{magnusson2009automatic,
  title={Automatic appearance-based loop detection from three-dimensional laser data using the normal distributions transform},
  author={Magnusson, Martin and Andreasson, Henrik and N{\"u}chter, Andreas and Lilienthal, Achim J},
  journal={Journal of Field Robotics},
  volume={26},
  number={11-12},
  pages={892--914},
  year={2009},
  publisher={Wiley Online Library}
}

@article{durrant2006simultaneous,
  title={Simultaneous localization and mapping: part I},
  author={Durrant-Whyte, Hugh and Bailey, Tim},
  journal={IEEE robotics \& automation magazine},
  volume={13},
  number={2},
  pages={99--110},
  year={2006},
  publisher={IEEE}
}